% Example:
@book{book1,
  title={Numerical Methods and Optimization in Finance},
  author={Gilli, M. and Maringer, D. and Schumann, E.},
  isbn={9780123756626},
  lccn={2011284531},
  url={https://books.google.de/books?id=zU-PNlESFp4C},
  year={2011},
  publisher={Academic Press}
}